@online{wikipedia:lagrangian,
  author = {Wikipedia},
  title = {Lagrangian mechanics},
  url = {https://en.wikipedia.org/wiki/Lagrangian_mechanics},
  note = {Ogled: 24. 10. 2025}
}

@online{scipython:doublependulum,
  author = {Scipython},
  title = {The double pendulum},
  url = {https://scipython.com/blog/the-double-pendulum/},
  note = {Ogled: 24. 10. 2025}
}
